%% This BibTeX bibliography file was created using BibDesk.
%% http://bibdesk.sourceforge.net/

%% Created for 沈旭东 at 2019-09-24 16:22:09 +0800 


%% Saved with string encoding Unicode (UTF-8) 



@article{SeamCarving,
	Author = {Avidan, Shai and Shamir, Ariel},
	Date-Added = {2019-09-24 08:20:36 +0000},
	Date-Modified = {2019-09-24 08:20:54 +0000},
	Doi = {10.1145/1275808.1276390},
	Isbn = {9781595936486},
	Journal = {ACM SIGGRAPH 2007 papers on - SIGGRAPH '07},
	Publisher = {ACM Press},
	Title = {Seam carving for content-aware image resizing},
	Url = {http://dx.doi.org/10.1145/1275808.1276390},
	Year = {2007},
	Bdsk-Url-1 = {http://dx.doi.org/10.1145/1275808.1276390}}
